{
  "leader": "02869cam a2200517 a 4500",
  "fields": [
    {
      "001": "ocm07277466\\"
    },
    {
      "003": "OCoLC"
    },
    {
      "005": "20230105135916.0"
    },
    {
      "008": "810305s1981\\\\\\\\nyua\\\\\\\\\\b\\\\\\\\001\\0\\eng\\\\"
    },
    {
      "010": {
        "ind1": "\\",
        "ind2": "\\",
        "subfields": [
          {
            "a": "   81002332 "
          }
        ]
      }
    },
    {
      "040": {
        "ind1": "\\",
        "ind2": "\\",
        "subfields": [
          {
            "a": "DLC"
          },
          {
            "b": "eng"
          },
          {
            "c": "DLC"
          },
          {
            "d": "BAKER"
          },
          {
            "d": "LVB"
          },
          {
            "d": "AU@"
          },
          {
            "d": "NIALS"
          },
          {
            "d": "BON"
          },
          {
            "d": "OCLCF"
          },
          {
            "d": "TXI"
          },
          {
            "d": "OCLCQ"
          },
          {
            "d": "DHA"
          },
          {
            "d": "OCLCQ"
          },
          {
            "d": "TYC"
          },
          {
            "d": "OCLCQ"
          },
          {
            "d": "OCLCO"
          },
          {
            "d": "J9U"
          }
        ]
      }
    },
    {
      "020": {
        "ind1": "\\",
        "ind2": "\\",
        "subfields": [
          {
            "a": "091288245X"
          }
        ]
      }
    },
    {
      "020": {
        "ind1": "\\",
        "ind2": "\\",
        "subfields": [
          {
            "a": "9780912882451"
          }
        ]
      }
    },
    {
      "035": {
        "ind1": "\\",
        "ind2": "\\",
        "subfields": [
          {
            "a": "(OCoLC)7277466"
          }
        ]
      }
    },
    {
      "043": {
        "ind1": "\\",
        "ind2": "\\",
        "subfields": [
          {
            "a": "n-us---"
          }
        ]
      }
    },
    {
      "050": {
        "ind1": "\\",
        "ind2": "4",
        "subfields": [
          {
            "a": "TA666"
          },
          {
            "b": ".M38 1981"
          }
        ]
      }
    },
    {
      "082": {
        "ind1": "0",
        "ind2": "0",
        "subfields": [
          {
            "a": "674.80973"
          },
          {
            "b": "MAT"
          }
        ]
      }
    },
    {
      "245": {
        "ind1": "0",
        "ind2": "0",
        "subfields": [
          {
            "a": "Material culture of the wooden age /"
          },
          {
            "c": "edited by Brooke Hindle."
          }
        ]
      }
    },
    {
      "260": {
        "ind1": "\\",
        "ind2": "\\",
        "subfields": [
          {
            "a": "Tarrytown, N.Y. :"
          },
          {
            "b": "Sleepy Hollow Press,"
          },
          {
            "c": "\u00a91981."
          }
        ]
      }
    },
    {
      "300": {
        "ind1": "\\",
        "ind2": "\\",
        "subfields": [
          {
            "a": "394 pages :"
          },
          {
            "b": "illustrations ;"
          },
          {
            "c": "24 cm"
          }
        ]
      }
    },
    {
      "336": {
        "ind1": "\\",
        "ind2": "\\",
        "subfields": [
          {
            "a": "text"
          },
          {
            "b": "txt"
          },
          {
            "2": "rdacontent"
          }
        ]
      }
    },
    {
      "337": {
        "ind1": "\\",
        "ind2": "\\",
        "subfields": [
          {
            "a": "unmediated"
          },
          {
            "b": "n"
          },
          {
            "2": "rdamedia"
          }
        ]
      }
    },
    {
      "338": {
        "ind1": "\\",
        "ind2": "\\",
        "subfields": [
          {
            "a": "volume"
          },
          {
            "b": "nc"
          },
          {
            "2": "rdacarrier"
          }
        ]
      }
    },
    {
      "504": {
        "ind1": "\\",
        "ind2": "\\",
        "subfields": [
          {
            "a": "Includes bibliographical references (pages 371-373) and index."
          }
        ]
      }
    },
    {
      "505": {
        "ind1": "0",
        "ind2": "\\",
        "subfields": [
          {
            "a": "Introduction / Brooke Hindle -- Wood on the farm / Wayne D. Rasmussen -- Tradition timber framing / Dell Upton -- With saw and axe and auger : three centuries of American ship building / Joseph A. Goldenberg -- Wooden roads / Don H. Berkebile -- The colossus of Philadelphia / Lee H. Nelson -- Railroads : wood to burn / John H. White, Jr. -- Potash / Robert P. Multhauf -- Naval stores, 1781-1881 / G. Terry Sharrer -- Charcoal iron : the coal mines of the forest / Richard H. Schallenberg -- A factory system of wood : cultural and technological change in the building of the first cotton mills / Caru Kulik."
          }
        ]
      }
    },
    {
      "520": {
        "ind1": "\\",
        "ind2": "\\",
        "subfields": [
          {
            "a": "A collection of ten essays examine the influence of wood technology upon development of America's material environment in the eighteenth and nineteenth centuries."
          }
        ]
      }
    },
    {
      "650": {
        "ind1": "\\",
        "ind2": "0",
        "subfields": [
          {
            "a": "Building, Wooden"
          },
          {
            "z": "United States"
          },
          {
            "x": "History."
          }
        ]
      }
    },
    {
      "650": {
        "ind1": "\\",
        "ind2": "0",
        "subfields": [
          {
            "a": "Woodworking industries"
          },
          {
            "z": "United States"
          },
          {
            "x": "History."
          }
        ]
      }
    },
    {
      "650": {
        "ind1": "\\",
        "ind2": "0",
        "subfields": [
          {
            "a": "Forest products industry"
          },
          {
            "z": "United States"
          },
          {
            "x": "History."
          }
        ]
      }
    },
    {
      "650": {
        "ind1": "\\",
        "ind2": "7",
        "subfields": [
          {
            "a": "Building, Wooden."
          },
          {
            "2": "fast"
          },
          {
            "0": "(OCoLC)fst00840948"
          }
        ]
      }
    },
    {
      "650": {
        "ind1": "\\",
        "ind2": "7",
        "subfields": [
          {
            "a": "Forest products industry."
          },
          {
            "2": "fast"
          },
          {
            "0": "(OCoLC)fst00932372"
          }
        ]
      }
    },
    {
      "650": {
        "ind1": "\\",
        "ind2": "7",
        "subfields": [
          {
            "a": "Woodworking industries."
          },
          {
            "2": "fast"
          },
          {
            "0": "(OCoLC)fst01179920"
          }
        ]
      }
    },
    {
      "651": {
        "ind1": "\\",
        "ind2": "7",
        "subfields": [
          {
            "a": "United States."
          },
          {
            "2": "fast"
          },
          {
            "0": "(OCoLC)fst01204155"
          }
        ]
      }
    },
    {
      "655": {
        "ind1": "\\",
        "ind2": "7",
        "subfields": [
          {
            "a": "History."
          },
          {
            "2": "fast"
          },
          {
            "0": "(OCoLC)fst01411628"
          }
        ]
      }
    },
    {
      "700": {
        "ind1": "1",
        "ind2": "\\",
        "subfields": [
          {
            "a": "Hindle, Brooke,"
          },
          {
            "e": "editor."
          }
        ]
      }
    },
    {
      "700": {
        "ind1": "1",
        "ind2": "2",
        "subfields": [
          {
            "a": "Rasmussen, Wayne D."
          },
          {
            "q": "(Wayne David),"
          },
          {
            "d": "1915-2004."
          },
          {
            "t": "Wood on the farm."
          }
        ]
      }
    },
    {
      "700": {
        "ind1": "1",
        "ind2": "2",
        "subfields": [
          {
            "a": "Upton, Dell."
          },
          {
            "t": "Tradition timber framing."
          }
        ]
      }
    },
    {
      "700": {
        "ind1": "1",
        "ind2": "2",
        "subfields": [
          {
            "a": "Berkebile, Donald H."
          },
          {
            "t": "Wooden roads."
          }
        ]
      }
    },
    {
      "700": {
        "ind1": "1",
        "ind2": "2",
        "subfields": [
          {
            "a": "Nelson, Lee H."
          },
          {
            "t": "Colossus of Philadelphia."
          }
        ]
      }
    },
    {
      "700": {
        "ind1": "1",
        "ind2": "2",
        "subfields": [
          {
            "a": "White, John H.,"
          },
          {
            "d": "1933-"
          },
          {
            "t": "Railroads : wood to burn."
          }
        ]
      }
    },
    {
      "700": {
        "ind1": "1",
        "ind2": "2",
        "subfields": [
          {
            "a": "Multhauf, Robert P."
          },
          {
            "t": "Potash."
          }
        ]
      }
    },
    {
      "700": {
        "ind1": "1",
        "ind2": "2",
        "subfields": [
          {
            "a": "Sharrer, G. Terry."
          },
          {
            "t": "Naval stores, 1781-1881."
          }
        ]
      }
    },
    {
      "776": {
        "ind1": "0",
        "ind2": "8",
        "subfields": [
          {
            "i": "Online version:"
          },
          {
            "t": "Material culture of the wooden age."
          },
          {
            "d": "Tarrytown, N.Y. : Sleepy Hollow Press, \u00a91981"
          },
          {
            "w": "(OCoLC)610266971"
          }
        ]
      }
    },
    {
      "994": {
        "ind1": "\\",
        "ind2": "\\",
        "subfields": [
          {
            "a": "Z0"
          },
          {
            "b": "NYRVC"
          }
        ]
      }
    },
    {
      "948": {
        "ind1": "\\",
        "ind2": "\\",
        "subfields": [
          {
            "h": "NO HOLDINGS IN NYRVC - 481 OTHER HOLDINGS"
          }
        ]
      }
    },
    {
      "999": {
        "ind1": "\\",
        "ind2": "\\",
        "subfields": [
          {
            "a": "00000000011584"
          }
        ]
      }
    }
  ]
}